<record><leader>04539cam a2200505 i 4500</leader><controlfield tag="001">6711123</controlfield><controlfield tag="003">OCoLC</controlfield><controlfield tag="005">20150213071027.7</controlfield><controlfield tag="008">140325s2015    nyua     b    001 0 eng  </controlfield><datafield ind1=" " ind2=" " tag="010"><subfield code="a">  2014010583</subfield></datafield><datafield ind1=" " ind2=" " tag="020"><subfield code="a">9780415739504</subfield><subfield code="q">(hardback)</subfield></datafield><datafield ind1=" " ind2=" " tag="020"><subfield code="a">0415739500</subfield><subfield code="q">(hardback)</subfield></datafield><datafield ind1=" " ind2=" " tag="020"><subfield code="a">9780415739528</subfield><subfield code="q">(paperback)</subfield></datafield><datafield ind1=" " ind2=" " tag="020"><subfield code="a">0415739527</subfield><subfield code="q">(paperback)</subfield></datafield><datafield ind1=" " ind2=" " tag="020"><subfield code="z">9781315816586</subfield><subfield code="q">(e-book)</subfield></datafield><datafield ind1=" " ind2=" " tag="035"><subfield code="a">ocn881386696</subfield></datafield><datafield ind1=" " ind2=" " tag="039"><subfield code="a">exclude</subfield></datafield><datafield ind1=" " ind2=" " tag="040"><subfield code="a">DLC</subfield><subfield code="b">eng</subfield><subfield code="e">rda</subfield><subfield code="c">DLC</subfield><subfield code="d">YDX</subfield><subfield code="d">YDXCP</subfield><subfield code="d">CHVBK</subfield><subfield code="d">OCLCO</subfield><subfield code="d">OCLCQ</subfield><subfield code="d">MNW</subfield><subfield code="d">AEU</subfield></datafield><datafield ind1=" " ind2=" " tag="042"><subfield code="a">pcc</subfield></datafield><datafield ind1="0" ind2="0" tag="050"><subfield code="a">HD60</subfield><subfield code="b">.K655 2015</subfield></datafield><datafield ind1="0" ind2="0" tag="082"><subfield code="a">658.4/083</subfield><subfield code="2">23</subfield></datafield><datafield ind1=" " ind2=" " tag="084"><subfield code="a">BUS094000</subfield><subfield code="a">BUS072000</subfield><subfield code="2">bisacsh</subfield></datafield><datafield ind1=" " ind2=" " tag="090"><subfield code="a">HD 60 K655 2015</subfield><subfield code="b">AEKC</subfield></datafield><datafield ind1=" " ind2=" " tag="090"><subfield code="a">HD 60 K655 2015</subfield><subfield code="b">AEU</subfield></datafield><datafield ind1="1" ind2=" " tag="100"><subfield code="a">Kopnina, Helen.</subfield></datafield><datafield ind1="1" ind2="0" tag="245"><subfield code="a">Sustainable business :</subfield><subfield code="b">key issues /</subfield><subfield code="c">Helen Kopnina and John Blewitt.</subfield></datafield><datafield ind1=" " ind2="1" tag="264"><subfield code="a">London ;</subfield><subfield code="a">New York :</subfield><subfield code="b">Routledge, Taylor &amp; Francis Group,</subfield><subfield code="c">2015.</subfield></datafield><datafield ind1=" " ind2=" " tag="300"><subfield code="a">xxi, 272 pages :</subfield><subfield code="b">illustrations ;</subfield><subfield code="c">24 cm.</subfield></datafield><datafield ind1=" " ind2=" " tag="336"><subfield code="a">text</subfield><subfield code="b">txt</subfield><subfield code="2">rdacontent</subfield></datafield><datafield ind1=" " ind2=" " tag="337"><subfield code="a">unmediated</subfield><subfield code="b">n</subfield><subfield code="2">rdamedia</subfield></datafield><datafield ind1=" " ind2=" " tag="338"><subfield code="a">volume</subfield><subfield code="b">nc</subfield><subfield code="2">rdacarrier</subfield></datafield><datafield ind1="1" ind2=" " tag="490"><subfield code="a">Key issues in environment and sustainability</subfield></datafield><datafield ind1=" " ind2=" " tag="504"><subfield code="a">Includes bibliographical references (pages 254-265) and index.</subfield></datafield><datafield ind1="0" ind2=" " tag="505"><subfield code="a">Concepts, tools, and initiatives. Introduction: key concepts in sustainability and business -- Environmental challenges -- Globalization, development, and business. Sustainability and globalization -- Sustainable development -- Strategic change for sustainability -- Business ethics -- Critical evaluation. Creating sustainable business practice -- Key challenges for making sustainability a reality -- Solutions. Human resource management, green jobs, and a greener economy -- New strategic thinking.</subfield></datafield><datafield ind1=" " ind2=" " tag="520"><subfield code="a">"Sustainable Business: Key Issues is the first comprehensive introductory-level textbook to address the interface between environmental challenges and business solutions to provide an overview of the basic concepts of sustainability, sustainable business, and business ethics. The book introduces students to the background and key issues of sustainability and suggests ways in which these concepts can be applied in business practice. Though the book takes a business perspective, it is interdisciplinary in its nature and draws on knowledge from socio-economic, political, and environmental studies, thereby providing a practical and critical understanding of sustainability in the changing paradigm of global business. It goes beyond the conventional theories of sustainability and addresses critical issues concerned with population, consumption and economic growth. It discusses realistic ways forward, in particular the Circular Economy and Cradle to Cradle frameworks. The book is both a theoretical and practical study guide for undergraduate and postgraduate international students of broad areas of sustainability, teaching ways to recognize opportunities for innovation and entrepreneurship at the intersection of environmental, economic, ethical, and social systems. It takes a strategic approach in applying the power of business methods and policy to address issues of global importance such as climate change, poverty, ecosystem degradation and human rights. This textbook is essential reading for students of business, management and sustainability courses. It is written in an engaging and accessible style, with each chapter including case studies, discussion questions, end of chapter summaries and suggestions for further reading"--</subfield><subfield code="c">Provided by publisher.</subfield></datafield><datafield ind1=" " ind2=" " tag="520"><subfield code="a">"Sustainable Business: Key Issues is the first comprehensive introductory-level textbook to address the interface between environmental challenges and business solutions to provide an overview of the basic concepts of sustainability, sustainable business, and business ethics. The book introduces students to the background and key issues of sustainability and suggests ways in which these concepts can be applied in business practice"--</subfield><subfield code="c">Provided by publisher.</subfield></datafield><datafield ind1=" " ind2=" " tag="596"><subfield code="a">31 43</subfield></datafield><datafield ind1=" " ind2="0" tag="650"><subfield code="a">Social responsibility of business.</subfield></datafield><datafield ind1=" " ind2="0" tag="650"><subfield code="a">Sustainable development.</subfield></datafield><datafield ind1=" " ind2="0" tag="650"><subfield code="a">Business ethics.</subfield></datafield><datafield ind1="1" ind2=" " tag="700"><subfield code="a">Blewitt, John,</subfield><subfield code="d">1957-</subfield></datafield><datafield ind1=" " ind2="0" tag="830"><subfield code="a">Key issues in environment and sustainability</subfield></datafield><datafield ind1=" " ind2=" " tag="949"><subfield code="i">31979000574382</subfield><subfield code="h">SKING-RF-B</subfield><subfield code="l">ON_SHELF</subfield></datafield><datafield ind1=" " ind2=" " tag="926"><subfield code="a">HD 60 K655 2015</subfield><subfield code="w">LC</subfield><subfield code="c">1</subfield><subfield code="i">0162035172103</subfield><subfield code="d">11/5/2015</subfield><subfield code="e">9/25/2015</subfield><subfield code="l">ON_SHELF</subfield><subfield code="m">UAHSS</subfield><subfield code="n">1</subfield><subfield code="p">$150.00</subfield><subfield code="r">Y</subfield><subfield code="s">Y</subfield><subfield code="t">BOOK</subfield><subfield code="u">10/22/2014</subfield></datafield><datafield ind1=" " ind2=" " tag="926"><subfield code="a">HD 60 K655 2015</subfield><subfield code="w">LC</subfield><subfield code="c">1</subfield><subfield code="i">31979000574382</subfield><subfield code="l">ON_SHELF</subfield><subfield code="m">KINGS</subfield><subfield code="r">Y</subfield><subfield code="s">Y</subfield><subfield code="t">BOOK</subfield><subfield code="u">3/25/2015</subfield></datafield></record>